<?xml version="1.0" encoding="UTF-8"?><collection xmlns="http://www.loc.gov/MARC21/slim"><record><leader>00423nam--2200145-i-4500</leader><controlfield tag="001">000045747</controlfield><controlfield tag="002">20161230</controlfield><controlfield tag="005">20161230201045</controlfield><controlfield tag="008">060222s1000------------r-----000-0-eng-d</controlfield><datafield ind1=" " ind2=" " tag="080"><subfield code="a">621.373:621.374.3</subfield></datafield><datafield ind1=" " ind2=" " tag="100"><subfield code="a">Vabre, Jean-paul</subfield></datafield><datafield ind1=" " ind2=" " tag="245"><subfield code="a">Electronique des impulsions. t.iv: les generateurs speciaux</subfield></datafield><datafield ind1=" " ind2=" " tag="260"><subfield code="a">Paris, Masson Et Cie, 1970, Xi+213p</subfield></datafield><datafield ind1=" " ind2=" " tag="490"><subfield code="a">Les Techniques De Base De L`Informatique</subfield></datafield><datafield ind1=" " ind2=" " tag="852"><subfield code="a">30636</subfield></datafield></record></collection>